@article{booij2005impact,
  title={Impact of climate change on river flooding assessed with different spatial model resolutions},
  author={Booij, Martijn J},
  journal={Journal of Hydrology},
  volume={303},
  number={1-4},
  pages={176--198},
  year={2005},
  publisher={Elsevier}
}
